<?xml version='1.0' encoding='UTF-8'?>
<record xmlns="http://www.loc.gov/MARC21/slim">
  <leader>00997cam a2200229 a 4500</leader>
  <controlfield tag="001">3342405</controlfield>
  <controlfield tag="003">NjP</controlfield>
  <controlfield tag="005">20180110171200.0</controlfield>
  <controlfield tag="008">010413s1957    ir       b    000 0 ara  </controlfield>
  <datafield tag="024" ind1="7" ind2=" ">
    <subfield code="a">princeton_aco002846</subfield>
    <subfield code="2">local</subfield>
  </datafield>
  <datafield ind1=" " ind2=" " tag="040">
    <subfield code="a">NjP</subfield>
    <subfield code="c">NjP</subfield>
  </datafield>
  <datafield ind1="1" ind2=" " tag="100">
    <subfield code="a">Shabistarī, Naṣr Allāh.</subfield>
  </datafield>
  <datafield ind1="1" ind2="0" tag="245">
    <subfield code="a">Talkhīṣ hidāyat al-aqrān ilá akhbar Luqmān al-madhkūr fī al-Qurʼān,</subfield>
    <subfield code="b">aw-al-Kalimah al-ṭayyibah fī al-mawāʻiẓ al-Luqmānīyah /</subfield>
    <subfield code="c">taʼlīf Naṣr Allāh al-Shabistarī.</subfield>
  </datafield>
  <datafield ind1="1" ind2="0" tag="246">
    <subfield code="a">Kalimah al-ṭayyibah fī al-mawāʻiẓ al-Luqmānīyah</subfield>
  </datafield>
  <datafield ind1=" " ind2=" " tag="250">
    <subfield code="a">al-Ṭabʻah 2.</subfield>
  </datafield>
  <datafield ind1=" " ind2=" " tag="260">
    <subfield code="a">Tihrān :</subfield>
    <subfield code="b">Markaz Nashr Kitāb,</subfield>
    <subfield code="c">1336 [1957]</subfield>
  </datafield>
  <datafield ind1=" " ind2=" " tag="300">
    <subfield code="a">143 p. ;</subfield>
    <subfield code="c">21 cm.</subfield>
  </datafield>
  <datafield ind1=" " ind2=" " tag="504">
    <subfield code="a">Includes bibliographical references.</subfield>
  </datafield>
  <datafield ind1="0" ind2="0" tag="600">
    <subfield code="a">Luqmān,</subfield>
    <subfield code="c">the Sage.</subfield>
    <subfield code="0">http://id.loc.gov/authorities/names/n84006374</subfield>
  </datafield>
  <datafield ind1=" " ind2="0" tag="650">
    <subfield code="a">Luqmān in the Koran.</subfield>
  </datafield>
  <datafield ind1="0" ind2="0" tag="630">
    <subfield code="a">Qurʼan</subfield>
    <subfield code="x">Theology.</subfield>
  </datafield>
  <datafield ind1=" " ind2="0" tag="650">
    <subfield code="a">Fables, Arabic.</subfield>
    <subfield code="0">http://id.loc.gov/authorities/subjects/sh91001547</subfield>
  </datafield>
  <datafield ind1=" " ind2=" " tag="904">
    <subfield code="a">mv</subfield>
    <subfield code="b">a</subfield>
    <subfield code="h">n</subfield>
    <subfield code="c">b</subfield>
    <subfield code="e">20010413</subfield>
  </datafield>
  <datafield ind1=" " ind2=" " tag="902">
    <subfield code="a">jab</subfield>
    <subfield code="b">o</subfield>
    <subfield code="6">a</subfield>
    <subfield code="7">m</subfield>
    <subfield code="d">v</subfield>
    <subfield code="f">1</subfield>
    <subfield code="e">20050727</subfield>
  </datafield>
  <datafield ind1="0" ind2=" " tag="852">
    <subfield code="0">3671208</subfield>
    <subfield code="b">rcppa</subfield>
    <subfield code="h">BP133.7.L84</subfield>
    <subfield code="i">S43 1957</subfield>
    <subfield code="x">tr fr arab</subfield>
  </datafield>
  <datafield ind1=" " ind2=" " tag="959">
    <subfield code="a">2001-04-13 14:02:31 -0500</subfield>
  </datafield>
</record>
